@article{
	gradient,
	author = "James McCann and Nancy S. Pollard",
	title = "Real-Time Gradient-Domain Painting",
	year = "2008",
	month = aug,
	journal = "ACM Transactions on Graphics (SIGGRAPH 2008)",
	volume = "27",
	number = "3",
}


@article{
	poisson,
	author = {P{\'e}rez, Patrick and Gangnet, Michel and Blake, Andrew},
	title = {Poisson Image Editing},
	journal = {ACM Trans. Graph.},
	issue_date = {July 2003},
	volume = {22},
	number = {3},
	month = jul,
	year = {2003},
	issn = {0730-0301},
	pages = {313--318},
	numpages = {6},
	url = {http://doi.acm.org/10.1145/882262.882269},
	doi = {10.1145/882262.882269},
	acmid = {882269},
	publisher = {ACM},
	address = {New York, NY, USA},
	keywords = {Poisson equation, guided interpolation, image gradient, interactive image editing, seamless cloning, selection editing},
}